@misc{giulianetti_2020,
  title={Summer bridge program},
  url={https://undocu.berkeley.edu/academic-support/summer-bridge-program/},
  journal={Summer Bridge &amp; the Transfer Transition Program (TTP)},
  author={Giulianetti, Luisa}, year={2020}, month={Oct}
}
