misc{,
  title= {},
  author = {Giordon Stark},
  month = {},
  year = {},
  note= {},
  url= {},
}

@misc{ICPS2021,
  title = {PARTY CALL PHYSICS: when access and physics collide},
  author = {Giordon Stark},
  month = {August},
  year = {2021},
  note = {A Keynote Speaker for the International Conference of Physics Students, 2021},
  url = {https://events.iaps.info/event/9/page/5-keynote-speakers},
}

@misc{SnowmassLOI,
  title = {Diversity and Inclusion: Making Physics Accessible},
  author = {Giordon Stark},
  month = {December},
  year = {2020},
  note = {Snowmass Community Frontier Paper Draft},
  url = {https://kratsg.github.io/snowmass2021-loi-commf/artifact/main.pdf},
}

@misc{MatterInterpretation,
  title={A matter of interpretation},
  url={https://www.symmetrymagazine.org/article/a-matter-of-interpretation-asl-physics},
  journal={symmetry magazine},
  author={Ayshford, Emily}
}

@misc{giulianetti_2020,
  title={Summer bridge program},
  url={https://undocu.berkeley.edu/academic-support/summer-bridge-program/},
  journal={Summer Bridge &amp; the Transfer Transition Program (TTP)},
  author={Giulianetti, Luisa}, year={2020}, month={Oct}
}
