misc{,
  title= {},
  author = {Giordon Stark},
  month = {},
  year = {},
  note= {},
  url= {},
}

@misc{SnowmassLOI,
  title = {Diversity and Inclusion: Making Physics Accessible},
  author = {Giordon Stark},
  month = {December},
  year = {2020},
  note = {Snowmass Community Frontier Paper Draft},
  url = {https://kratsg.github.io/snowmass2021-loi-commf/artifact/main.pdf},
}
