@misc{uchicagobridge,
  title={College Bridge Program},
  url={https://collegebridge.uchicago.edu/},
  author={Chicago, University of}, year={2020}, month={Nov}
}
